<record><leader>00000cas a22000007a 4500</leader><controlfield tag="001">22589770</controlfield><controlfield tag="008">901026d19731975mdudn ne      0    0eng d</controlfield><datafield ind1=" " ind2=" " tag="010"><subfield code="a">sn 90057327 </subfield></datafield><datafield ind1=" " ind2=" " tag="040"><subfield code="a">MFN</subfield><subfield code="b">eng</subfield><subfield code="c">MFN</subfield><subfield code="d">OCLCQ</subfield></datafield><datafield ind1=" " ind2=" " tag="042"><subfield code="a">msc</subfield></datafield><datafield ind1="0" ind2=" " tag="130"><subfield code="a">Talbot banner (Cambridge, Md.)</subfield></datafield><datafield ind1="1" ind2="4" tag="245"><subfield code="a">The Talbot banner.</subfield></datafield><datafield ind1="1" ind2="3" tag="246"><subfield code="a">Daily banner &amp; Cambridge record</subfield></datafield><datafield ind1=" " ind2=" " tag="260"><subfield code="a">Cambridge, Md. :</subfield><subfield code="b">Banner Corp.</subfield></datafield><datafield ind1=" " ind2=" " tag="300"><subfield code="a">v.</subfield></datafield><datafield ind1=" " ind2=" " tag="310"><subfield code="a">Daily (Mon.-Fri.)</subfield></datafield><datafield ind1="0" ind2=" " tag="362"><subfield code="a">Vol. 84, no. 83 (Apr. 16, 1973)-v. 88, no. 37 (Feb. 21, 1975).</subfield></datafield><datafield ind1=" " ind2=" " tag="500"><subfield code="a">Published for Easton, Md.</subfield></datafield><datafield ind1=" " ind2=" " tag="752"><subfield code="a">United States</subfield><subfield code="b">Maryland</subfield><subfield code="c">Dorchester</subfield><subfield code="d">Cambridge.</subfield></datafield><datafield ind1=" " ind2=" " tag="752"><subfield code="a">United States</subfield><subfield code="b">Maryland</subfield><subfield code="c">Talbot</subfield><subfield code="d">Easton.</subfield></datafield><datafield ind1="0" ind2=" " tag="775"><subfield code="t">Daily banner (Cambridge, Md.)</subfield><subfield code="w">(DLC)sn 88065731</subfield></datafield><datafield ind1="0" ind2="0" tag="780"><subfield code="t">Daily banner (Talbot County ed.)</subfield><subfield code="w">(DLC)sn 90057326</subfield></datafield><datafield ind1="0" ind2="0" tag="785"><subfield code="t">Banner (Cambridge, Md.)</subfield><subfield code="w">(DLC)sn 90057328</subfield></datafield></record>